<record><leader>00000cas a22000007a 4500</leader><controlfield tag="001">15794620</controlfield><controlfield tag="008">870601d19381988iauwr ne      0    0eng d</controlfield><datafield ind1=" " ind2=" " tag="010"><subfield code="a">sn 87057176 </subfield></datafield><datafield ind1=" " ind2=" " tag="040"><subfield code="a">INP</subfield><subfield code="b">eng</subfield><subfield code="c">INP</subfield><subfield code="d">NSD</subfield><subfield code="d">OCLCQ</subfield></datafield><datafield ind1=" " ind2=" " tag="042"><subfield code="a">msc</subfield></datafield><datafield ind1="0" ind2="4" tag="245"><subfield code="a">The West Des Moines express.</subfield></datafield><datafield ind1="3" ind2="0" tag="246"><subfield code="a">West Des Moines, Clive, Windsor Heights express</subfield></datafield><datafield ind1=" " ind2=" " tag="260"><subfield code="a">West Des Moines, Iowa :</subfield><subfield code="b">D.A. and J. Reed,</subfield><subfield code="c">-1988.</subfield></datafield><datafield ind1=" " ind2=" " tag="300"><subfield code="a">v.</subfield></datafield><datafield ind1=" " ind2=" " tag="310"><subfield code="a">Weekly</subfield></datafield><datafield ind1="1" ind2=" " tag="362"><subfield code="a">Began in 1938?</subfield></datafield><datafield ind1="0" ind2=" " tag="362"><subfield code="a">-v. 93, no. 40 (Apr. 22, 1988).</subfield></datafield><datafield ind1=" " ind2=" " tag="500"><subfield code="a">Publisher varies.</subfield></datafield><datafield ind1=" " ind2=" " tag="500"><subfield code="a">Published as: West Des Moines, Clive, Windsor Heights express, Apr. 22, 1988.</subfield></datafield><datafield ind1=" " ind2=" " tag="588"><subfield code="a">Description based on: Vol. 52, no. 22 (Jan. 4, 1945).</subfield></datafield><datafield ind1=" " ind2=" " tag="752"><subfield code="a">United States</subfield><subfield code="b">Iowa</subfield><subfield code="c">Polk</subfield><subfield code="d">West Des Moines.</subfield></datafield><datafield ind1=" " ind2=" " tag="752"><subfield code="a">United States</subfield><subfield code="b">Iowa</subfield><subfield code="c">Polk</subfield><subfield code="d">Clive.</subfield></datafield><datafield ind1=" " ind2=" " tag="752"><subfield code="a">United States</subfield><subfield code="b">Iowa</subfield><subfield code="c">Polk</subfield><subfield code="d">Windsor Heights.</subfield></datafield><datafield ind1="0" ind2="0" tag="780"><subfield code="t">Valley Junction booster-express</subfield></datafield><datafield ind1="0" ind2="5" tag="780"><subfield code="t">Northern Polk County news</subfield><subfield code="w">(DLC)sn 87057171</subfield></datafield><datafield ind1="0" ind2="0" tag="785"><subfield code="t">Western express (West Des Moines, Iowa)</subfield><subfield code="x">0899-8728</subfield><subfield code="w">(DLC)sn 88059575</subfield><subfield code="w">(OCoLC)17998028</subfield></datafield></record>